@ARTICLE{2023A&A...674A.207D,
       author = {{Davies}, R. and {Absil}, O. and {Agapito}, G. and {Agudo Berbel}, A. and {Baruffolo}, A. and {Biliotti}, V. and {Black}, M. and {Bonaglia}, M. and {Bonse}, M. and {Briguglio}, R. and {Campana}, P. and {Cao}, Y. and {Carbonaro}, L. and {Cortes}, A. and {Cresci}, G. and {Dallilar}, Y. and {Dannert}, F. and {De Rosa}, R.~J. and {Deysenroth}, M. and {Di Antonio}, I. and {Di Cianno}, A. and {Di Rico}, G. and {Doelman}, D. and {Dolci}, M. and {Dorn}, R. and {Eisenhauer}, F. and {Esposito}, S. and {Fantinel}, D. and {Ferruzzi}, D. and {Feuchtgruber}, H. and {Finger}, G. and {F{\"o}rster Schreiber}, N.~M. and {Gao}, X. and {Gemperlein}, H. and {Genzel}, R. and {Gillessen}, S. and {Ginski}, C. and {Glauser}, A.~M. and {Glindemann}, A. and {Grani}, P. and {Hartl}, M. and {Hayoz}, J. and {Heida}, M. and {Henry}, D. and {Hofmann}, R. and {Huber}, H. and {Kasper}, M. and {Keller}, C. and {Kenworthy}, M. and {Kravchenko}, K. and {Kuntschner}, H. and {Lacour}, S. and {Lightfoot}, J. and {Lunney}, D. and {Lutz}, D. and {Macintosh}, M. and {Mannucci}, F. and {Marsset}, M. and {Modigliani}, A. and {Neeser}, M. and {Orban de Xivry}, G. and {Ott}, T. and {Pallanca}, L. and {Patapis}, P. and {Pearson}, D. and {Pe{\~n}a}, E. and {Percheron}, I. and {Puglisi}, A. and {Quanz}, S.~P. and {Rabien}, S. and {Rau}, C. and {Riccardi}, A. and {Salasnich}, B. and {Schmid}, H. -M. and {Schubert}, J. and {Serra}, B. and {Shimizu}, T. and {Snik}, F. and {Sturm}, E. and {Tacconi}, L. and {Taylor}, W. and {Valentini}, A. and {Waring}, C. and {Wiezorrek}, E. and {Xompero}, M.},
        title = "{The Enhanced Resolution Imager and Spectrograph for the VLT}",
      journal = {\aap},
     keywords = {instrumentation: adaptive optics, instrumentation: high angular resolution, instrumentation: spectrographs, instrumentation: miscellaneous, Astrophysics - Instrumentation and Methods for Astrophysics},
         year = 2023,
        month = jun,
       volume = {674},
          eid = {A207},
        pages = {A207},
          doi = {10.1051/0004-6361/202346559},
archivePrefix = {arXiv},
       eprint = {2304.02343},
 primaryClass = {astro-ph.IM},
       adsurl = {https://ui.adsabs.harvard.edu/abs/2023A&A...674A.207D},
      adsnote = {Provided by the SAO/NASA Astrophysics Data System}
}


@Book{		  numpy,
  title		= {A guide to NumPy},
  author	= {Oliphant, Travis E},
  series		= {},
  volume	= {1},
  year		= {2006},
  publisher	= {Trelgol Publishing USA}
}


@Article{	  matplotlib,
  author	= {{Hunter}, John D.},
  title		= "{Matplotlib: A 2D Graphics Environment}",
  journal	= {Computing in Science and Engineering},
  keywords	= {Python, Scripting languages, Application development,
		  Scientific programming},
  year		= 2007,
  month		= may,
  volume	= {9},
  pages		= {90-95},
  doi		= {10.1109/MCSE.2007.55},
  adsurl	= {https://ui.adsabs.harvard.edu/\#abs/2007CSE.....9...90H},
  adsnote	= {Provided by the SAO/NASA Astrophysics Data System}
}

@Article{	  astropy_1,
  author	= {{Astropy Collaboration} and {Robitaille}, T.~P. and
		  {Tollerud}, E.~J. and {Greenfield}, P. and {Droettboom}, M.
		  and {Bray}, E. and {Aldcroft}, T. and {Davis}, M. and
		  {Ginsburg}, A. and {Price-Whelan}, A.~M. and {Kerzendorf},
		  W.~E. and {Conley}, A. and {Crighton}, N. and {Barbary}, K.
		  and {Muna}, D. and {Ferguson}, H. and {Grollier}, F. and
		  {Parikh}, M.~M. and {Nair}, P.~H. and {Unther}, H.~M. and
		  {Deil}, C. and {Woillez}, J. and {Conseil}, S. and
		  {Kramer}, R. and {Turner}, J.~E.~H. and {Singer}, L. and
		  {Fox}, R. and {Weaver}, B.~A. and {Zabalza}, V. and
		  {Edwards}, Z.~I. and {Azalee Bostroem}, K. and {Burke},
		  D.~J. and {Casey}, A.~R. and {Crawford}, S.~M. and
		  {Dencheva}, N. and {Ely}, J. and {Jenness}, T. and
		  {Labrie}, K. and {Lim}, P.~L. and {Pierfederici}, F. and
		  {Pontzen}, A. and {Ptak}, A. and {Refsdal}, B. and
		  {Servillat}, M. and {Streicher}, O.},
  title		= "{Astropy: A community Python package for astronomy}",
  journal	= {\aap},
  archiveprefix	= "arXiv",
  eprint	= {1307.6212},
  primaryclass	= "astro-ph.IM",
  keywords	= {methods: data analysis, methods: miscellaneous, virtual
		  observatory tools},
  year		= 2013,
  month		= oct,
  volume	= 558,
  eid		= {A33},
  pages		= {A33},
  doi		= {10.1051/0004-6361/201322068},
  adsurl	= {http://adsabs.harvard.edu/abs/2013A%26A...558A..33A},
  adsnote	= {Provided by the SAO/NASA Astrophysics Data System}
}

@ARTICLE{virtanen2020,
       author = {{Virtanen}, Pauli and {Gommers}, Ralf and {Oliphant}, Travis E. and
         {Haberland}, Matt and {Reddy}, Tyler and {Cournapeau}, David and
         {Burovski}, Evgeni and {Peterson}, Pearu and {Weckesser}, Warren and
         {Bright}, Jonathan and {van der Walt}, St{\'e}fan J. and
         {Brett}, Matthew and {Wilson}, Joshua and {Millman}, K. Jarrod and
         {Mayorov}, Nikolay and {Nelson}, Andrew R.~J. and {Jones}, Eric and
         {Kern}, Robert and {Larson}, Eric and {Carey}, C.~J. and
         {Polat}, {\.I}lhan and {Feng}, Yu and {Moore}, Eric W. and {Vand
        erPlas}, Jake and {Laxalde}, Denis and {Perktold}, Josef and
         {Cimrman}, Robert and {Henriksen}, Ian and {Quintero}, E.~A. and
         {Harris}, Charles R. and {Archibald}, Anne M. and
         {Ribeiro}, Ant{\^o}nio H. and {Pedregosa}, Fabian and
         {van Mulbregt}, Paul and {SciPy 1. 0 Contributors}},
        title = "{SciPy 1.0: fundamental algorithms for scientific computing in Python}",
      journal = {Nature Methods},
     keywords = {Computer Science - Mathematical Software, Computer Science - Data Structures and Algorithms, Computer Science - Software Engineering, Physics - Computational Physics},
         year = 2020,
        month = feb,
       volume = {17},
        pages = {261-272},
          doi = {10.1038/s41592-019-0686-2},
archivePrefix = {arXiv},
       eprint = {1907.10121},
 primaryClass = {cs.MS},
       adsurl = {https://ui.adsabs.harvard.edu/abs/2020NatMe..17..261V},
      adsnote = {Provided by the SAO/NASA Astrophysics Data System}
}


@ARTICLE{foreman-mackey2013,
       author = {{Foreman-Mackey}, Daniel and {Hogg}, David W. and {Lang}, Dustin and
         {Goodman}, Jonathan},
        title = "{emcee: The MCMC Hammer}",
      journal = {\pasp},
     keywords = {Astrophysics - Instrumentation and Methods for Astrophysics, Physics - Computational Physics, Statistics - Computation},
         year = 2013,
        month = mar,
       volume = {125},
       number = {925},
        pages = {306},
          doi = {10.1086/670067},
archivePrefix = {arXiv},
       eprint = {1202.3665},
 primaryClass = {astro-ph.IM},
       adsurl = {https://ui.adsabs.harvard.edu/abs/2013PASP..125..306F},
      adsnote = {Provided by the SAO/NASA Astrophysics Data System}
}

@Article{	  astropy_2,
  author	= {{Astropy Collaboration} and {Price-Whelan}, A.~M. and
		  {Sip{\H o}cz}, B.~M. and {G{\"u}nther}, H.~M. and {Lim},
		  P.~L. and {Crawford}, S.~M. and {Conseil}, S. and {Shupe},
		  D.~L. and {Craig}, M.~W. and {Dencheva}, N. and {Ginsburg},
		  A. and {VanderPlas}, J.~T. and {Bradley}, L.~D. and
		  {P{\'e}rez-Su{\'a}rez}, D. and {de Val-Borro}, M. and
		  {Aldcroft}, T.~L. and {Cruz}, K.~L. and {Robitaille}, T.~P.
		  and {Tollerud}, E.~J. and {Ardelean}, C. and {Babej}, T.
		  and {Bach}, Y.~P. and {Bachetti}, M. and {Bakanov}, A.~V.
		  and {Bamford}, S.~P. and {Barentsen}, G. and {Barmby}, P.
		  and {Baumbach}, A. and {Berry}, K.~L. and {Biscani}, F. and
		  {Boquien}, M. and {Bostroem}, K.~A. and {Bouma}, L.~G. and
		  {Brammer}, G.~B. and {Bray}, E.~M. and {Breytenbach}, H.
		  and {Buddelmeijer}, H. and {Burke}, D.~J. and {Calderone},
		  G. and {Cano Rodr{\'{\i}}guez}, J.~L. and {Cara}, M. and
		  {Cardoso}, J.~V.~M. and {Cheedella}, S. and {Copin}, Y. and
		  {Corrales}, L. and {Crichton}, D. and {D'Avella}, D. and
		  {Deil}, C. and {Depagne}, {\'E}. and {Dietrich}, J.~P. and
		  {Donath}, A. and {Droettboom}, M. and {Earl}, N. and
		  {Erben}, T. and {Fabbro}, S. and {Ferreira}, L.~A. and
		  {Finethy}, T. and {Fox}, R.~T. and {Garrison}, L.~H. and
		  {Gibbons}, S.~L.~J. and {Goldstein}, D.~A. and {Gommers},
		  R. and {Greco}, J.~P. and {Greenfield}, P. and {Groener},
		  A.~M. and {Grollier}, F. and {Hagen}, A. and {Hirst}, P.
		  and {Homeier}, D. and {Horton}, A.~J. and {Hosseinzadeh},
		  G. and {Hu}, L. and {Hunkeler}, J.~S. and {Ivezi{\'c}}, {\v
		  Z}. and {Jain}, A. and {Jenness}, T. and {Kanarek}, G. and
		  {Kendrew}, S. and {Kern}, N.~S. and {Kerzendorf}, W.~E. and
		  {Khvalko}, A. and {King}, J. and {Kirkby}, D. and
		  {Kulkarni}, A.~M. and {Kumar}, A. and {Lee}, A. and {Lenz},
		  D. and {Littlefair}, S.~P. and {Ma}, Z. and {Macleod},
		  D.~M. and {Mastropietro}, M. and {McCully}, C. and
		  {Montagnac}, S. and {Morris}, B.~M. and {Mueller}, M. and
		  {Mumford}, S.~J. and {Muna}, D. and {Murphy}, N.~A. and
		  {Nelson}, S. and {Nguyen}, G.~H. and {Ninan}, J.~P. and
		  {N{\"o}the}, M. and {Ogaz}, S. and {Oh}, S. and {Parejko},
		  J.~K. and {Parley}, N. and {Pascual}, S. and {Patil}, R.
		  and {Patil}, A.~A. and {Plunkett}, A.~L. and {Prochaska},
		  J.~X. and {Rastogi}, T. and {Reddy Janga}, V. and
		  {Sabater}, J. and {Sakurikar}, P. and {Seifert}, M. and
		  {Sherbert}, L.~E. and {Sherwood-Taylor}, H. and {Shih},
		  A.~Y. and {Sick}, J. and {Silbiger}, M.~T. and
		  {Singanamalla}, S. and {Singer}, L.~P. and {Sladen}, P.~H.
		  and {Sooley}, K.~A. and {Sornarajah}, S. and {Streicher},
		  O. and {Teuben}, P. and {Thomas}, S.~W. and {Tremblay},
		  G.~R. and {Turner}, J.~E.~H. and {Terr{\'o}n}, V. and {van
		  Kerkwijk}, M.~H. and {de la Vega}, A. and {Watkins}, L.~L.
		  and {Weaver}, B.~A. and {Whitmore}, J.~B. and {Woillez}, J.
		  and {Zabalza}, V. and {Astropy Contributors}},
  title		= "{The Astropy Project: Building an Open-science Project and
		  Status of the v2.0 Core Package}",
  journal	= {\aj},
  archiveprefix	= "arXiv",
  eprint	= {1801.02634},
  primaryclass	= "astro-ph.IM",
  keywords	= {methods: data analysis, methods: miscellaneous, methods:
		  statistical, reference systems },
  year		= 2018,
  month		= sep,
  volume	= 156,
  eid		= {123},
  pages		= {123},
  doi		= {10.3847/1538-3881/aabc4f},
  adsurl	= {http://adsabs.harvard.edu/abs/2018AJ....156..123A},
  adsnote	= {Provided by the SAO/NASA Astrophysics Data System}
}


@Article{	  wenger2000,
  author	= {{Wenger}, M. and {Ochsenbein}, F. and {Egret}, D. and
		  {Dubois}, P. and {Bonnarel}, F. and {Borde}, S. and
		  {Genova}, F. and {Jasniewicz}, G. and {Lalo{\"e}}, S. and
		  {Lesteven}, S. and {Monier}, R.},
  title		= "{The SIMBAD astronomical database. The CDS reference
		  database for astronomical objects}",
  journal	= {\aaps},
  eprint	= {astro-ph/0002110},
  keywords	= {ASTRONOMICAL DATA BASES: MISCELLANEOUS, CATALOGS},
  year		= 2000,
  month		= apr,
  volume	= 143,
  pages		= {9-22},
  doi		= {10.1051/aas:2000332},
  adsurl	= {http://adsabs.harvard.edu/abs/2000A%26AS..143....9W},
  adsnote	= {Provided by the SAO/NASA Astrophysics Data System}
}



@ARTICLE{Luger2021,
       author = { {Luger}, Rodrigo and {Bedell}, Megan and {Foreman-Mackey}, Daniel and {Crossfield}, Ian J.~M. and {Zhao}, Lily L. and {Hogg}, David W.},
        title = "{Mapping stellar surfaces III: An Efficient, Scalable, and Open-Source Doppler Imaging Model}",
      journal = {arXiv e-prints},
     keywords = {Astrophysics - Solar and Stellar Astrophysics, Astrophysics - Earth and Planetary Astrophysics, Astrophysics - Instrumentation and Methods for Astrophysics},
         year = 2021,
        month = oct,
          eid = {arXiv:2110.06271},
        pages = {arXiv:2110.06271},
archivePrefix = {arXiv},
       eprint = {2110.06271},
 primaryClass = {astro-ph.SR},
       adsurl = {https://ui.adsabs.harvard.edu/abs/2021arXiv211006271L},
      adsnote = {Provided by the SAO/NASA Astrophysics Data System}
}

@ARTICLE{2021ApOpt..60D..52D,
       author = {{Doelman}, D.~S. and {Snik}, F. and {Por}, E.~H. and {Bos}, S.~P. and {Otten}, G.~P.~P.~L. and {Kenworthy}, M. and {Haffert}, S.~Y. and {Wilby}, M. and {Bohn}, A.~J. and {Sutlieff}, B.~J. and {Miller}, K. and {Ouellet}, M. and {de Boer}, J. and {Keller}, C.~U. and {Escuti}, M.~J. and {Shi}, S. and {Warriner}, N.~Z. and {Hornburg}, K. and {Birkby}, J.~L. and {Males}, J. and {Morzinski}, K.~M. and {Close}, L.~M. and {Codona}, J. and {Long}, J. and {Schatz}, L. and {Lumbres}, J. and {Rodack}, A. and {Van Gorkom}, K. and {Hedglen}, A. and {Guyon}, O. and {Lozi}, J. and {Groff}, T. and {Chilcote}, J. and {Jovanovic}, N. and {Thibault}, S. and {de Jonge}, C. and {Allain}, G. and {Vall{\'e}e}, C. and {Patel}, D. and {C{\^o}t{\'e}}, O. and {Marois}, C. and {Hinz}, P. and {Stone}, J. and {Skemer}, A. and {Briesemeister}, Z. and {Boehle}, A. and {Glauser}, A.~M. and {Taylor}, W. and {Baudoz}, P. and {Huby}, E. and {Absil}, O. and {Carlomagno}, B. and {Delacroix}, C.},
        title = "{Vector-apodizing phase plate coronagraph: design, current performance, and future development [Invited]}",
      journal = {\ao},
     keywords = {Astrophysics - Instrumentation and Methods for Astrophysics, Astrophysics - Earth and Planetary Astrophysics},
         year = 2021,
        month = jul,
       volume = {60},
       number = {19},
        pages = {D52},
          doi = {10.1364/AO.422155},
archivePrefix = {arXiv},
       eprint = {2104.11211},
 primaryClass = {astro-ph.IM},
       adsurl = {https://ui.adsabs.harvard.edu/abs/2021ApOpt..60D..52D},
      adsnote = {Provided by the SAO/NASA Astrophysics Data System}
}

@ARTICLE{2022AJ....163..217D,
       author = {{Doelman}, David S. and {Stone}, Jordan M. and {Briesemeister}, Zackery W. and {Skemer}, Andrew J.~I. and {Barman}, Travis and {Brock}, Laci S. and {Hinz}, Philip M. and {Bohn}, Alexander and {Kenworthy}, Matthew and {Haffert}, Sebastiaan Y. and {Snik}, Frans and {Ertel}, Steve and {Leisenring}, Jarron M. and {Woodward}, Charles E. and {Skrutskie}, Michael F.},
        title = "{L-band Integral Field Spectroscopy of the HR 8799 Planetary System}",
      journal = {\aj},
     keywords = {Exoplanet detection methods, Exoplanet evolution, Exoplanet atmospheres, 489, 491, 487, Astrophysics - Earth and Planetary Astrophysics, Astrophysics - Instrumentation and Methods for Astrophysics},
         year = 2022,
        month = may,
       volume = {163},
       number = {5},
          eid = {217},
        pages = {217},
          doi = {10.3847/1538-3881/ac5d52},
archivePrefix = {arXiv},
       eprint = {2203.08165},
 primaryClass = {astro-ph.EP},
       adsurl = {https://ui.adsabs.harvard.edu/abs/2022AJ....163..217D},
      adsnote = {Provided by the SAO/NASA Astrophysics Data System}
}


@ARTICLE{2021JATIS...7d5001B,
       author = {{Boehle}, Anna and {Doelman}, David and {Konrad}, Bj{\"o}rn S. and {Snik}, Frans and {Glauser}, Adrian M. and {Por}, Emiel H. and {Warriner}, Nathaniel Z. and {Shi}, Shuojia and {Escuti}, Michael J. and {Kenworthy}, Matthew A. and {Quanz}, Sascha P.},
        title = "{Cryogenic characterization of the grating vector apodizing phase plate coronagraph for the enhanced resolution imager and spectrograph at the Very Large Telescope}",
      journal = {Journal of Astronomical Telescopes, Instruments, and Systems},
     keywords = {planets, liquid crystals, infrared, imaging, point spread functions},
         year = 2021,
        month = oct,
       volume = {7},
          eid = {045001},
        pages = {045001},
          doi = {10.1117/1.JATIS.7.4.045001},
       adsurl = {https://ui.adsabs.harvard.edu/abs/2021JATIS...7d5001B},
      adsnote = {Provided by the SAO/NASA Astrophysics Data System}
}

@INPROCEEDINGS{2018SPIE10702E..3YB,
       author = {{Boehle}, Anna and {Glauser}, Adrian M. and {Kenworthy}, Matthew A. and {Snik}, Frans and {Doelman}, David and {Quanz}, Sascha P. and {Meyer}, Michael R.},
        title = "{Cryogenic characterization of the grating vector APP coronagraph for the upcoming ERIS instrument at the VLT}",
    booktitle = {Ground-based and Airborne Instrumentation for Astronomy VII},
         year = 2018,
       editor = {{Evans}, Christopher J. and {Simard}, Luc and {Takami}, Hideki},
       series = {Society of Photo-Optical Instrumentation Engineers (SPIE) Conference Series},
       volume = {10702},
        month = jul,
          eid = {107023Y},
        pages = {107023Y},
          doi = {10.1117/12.2310108},
       adsurl = {https://ui.adsabs.harvard.edu/abs/2018SPIE10702E..3YB},
      adsnote = {Provided by the SAO/NASA Astrophysics Data System}
}

